@article{PEIMANKAR2021113911,
title = "DENS-ECG: A deep learning approach for ECG signal delineation",
journal = "Expert Systems with Applications",
volume = "165",
pages = "113911",
year = "2021",
issn = "0957-4174",
doi = "https://doi.org/10.1016/j.eswa.2020.113911",
author = "Abdolrahman Peimankar and Sadasivan Puthusserypady"
}

@article{ANDERSEN2019465,
title = "A deep learning approach for real-time detection of atrial fibrillation",
journal = "Expert Systems with Applications",
volume = "115",
pages = "465 - 473",
year = "2019",
issn = "0957-4174",
doi = "https://doi.org/10.1016/j.eswa.2018.08.011",
author = "Rasmus S. Andersen and Abdolrahman Peimankar and Sadasivan Puthusserypady"
}

@article{peimankar2017evolutionary,
  title={Evolutionary multi-objective fault diagnosis of power transformers},
  author={Peimankar, Abdolrahman and Weddell, Stephen John and Jalal, Thahirah and Lapthorn, Andrew Craig},
  journal={Swarm and Evolutionary Computation},
  volume={36},
  pages={62--75},
  year={2017},
  publisher={Elsevier}
}

@article{peimankar2018multi,
  title={Multi-objective ensemble forecasting with an application to power transformers},
  author={Peimankar, Abdolrahman and Weddell, Stephen John and Jalal, Thahirah and Lapthorn, Andrew Craig},
  journal={Applied Soft Computing},
  volume={68},
  pages={233--248},
  year={2018},
  publisher={Elsevier}
}